
        <marcx:record format="danMARC2" type="BibliographicMain">
            <marcx:leader>00000n    2200000   4500</marcx:leader>
            <marcx:datafield ind1="0" ind2="0" tag="001">
                <marcx:subfield code="a">50378705</marcx:subfield>
                <marcx:subfield code="b">870970</marcx:subfield>
                <marcx:subfield code="c">20181123202934</marcx:subfield>
                <marcx:subfield code="d">19880504</marcx:subfield>
                <marcx:subfield code="f">a</marcx:subfield>
                <marcx:subfield code="o">c</marcx:subfield>
            </marcx:datafield>
            <marcx:datafield ind1="0" ind2="0" tag="004">
                <marcx:subfield code="r">n</marcx:subfield>
                <marcx:subfield code="a">h</marcx:subfield>
            </marcx:datafield>
            <marcx:datafield ind1="0" ind2="0" tag="008">
                <marcx:subfield code="b">dk</marcx:subfield>
                <marcx:subfield code="v">4</marcx:subfield>
            </marcx:datafield>
            <marcx:datafield ind1="0" ind2="0" tag="009">
                <marcx:subfield code="a">a</marcx:subfield>
                <marcx:subfield code="g">xx</marcx:subfield>
            </marcx:datafield>
            <marcx:datafield ind1="0" ind2="0" tag="021">
                <marcx:subfield code="d">Kr. 74,42 (komplet, excl. facitliste)</marcx:subfield>
                <marcx:subfield code="n">1020</marcx:subfield>
            </marcx:datafield>
            <marcx:datafield ind1="0" ind2="0" tag="245">
                <marcx:subfield code="a">Værkstedstekniske beregninger</marcx:subfield>
            </marcx:datafield>
            <marcx:datafield ind1="0" ind2="0" tag="250">
                <marcx:subfield code="a">2. udgave</marcx:subfield>
            </marcx:datafield>
            <marcx:datafield ind1="0" ind2="0" tag="260">
                <marcx:subfield code="a">Kbh.</marcx:subfield>
                <marcx:subfield code="b">Jernindustriens Forlag</marcx:subfield>
                <marcx:subfield code="c">1972</marcx:subfield>
            </marcx:datafield>
            <marcx:datafield ind1="0" ind2="0" tag="300">
                <marcx:subfield code="a">11 bind</marcx:subfield>
            </marcx:datafield>
            <marcx:datafield ind1="0" ind2="0" tag="652">
                <marcx:subfield code="m">51.8</marcx:subfield>
            </marcx:datafield>
            <marcx:datafield ind1="0" ind2="0" tag="996">
                <marcx:subfield code="a">DBC</marcx:subfield>
            </marcx:datafield>
        </marcx:record>