
        <marcx:record format="danMARC2" type="BibliographicVolume">
            <marcx:leader>00000n    2200000   4500</marcx:leader>
            <marcx:datafield ind1="0" ind2="0" tag="001">
                <marcx:subfield code="a">08021473</marcx:subfield>
                <marcx:subfield code="b">870970</marcx:subfield>
                <marcx:subfield code="c">20181124125831</marcx:subfield>
                <marcx:subfield code="d">19880504</marcx:subfield>
                <marcx:subfield code="f">a</marcx:subfield>
                <marcx:subfield code="o">c</marcx:subfield>
            </marcx:datafield>
            <marcx:datafield ind1="0" ind2="0" tag="004">
                <marcx:subfield code="r">n</marcx:subfield>
                <marcx:subfield code="a">b</marcx:subfield>
            </marcx:datafield>
            <marcx:datafield ind1="0" ind2="0" tag="008">
                <marcx:subfield code="t">m</marcx:subfield>
                <marcx:subfield code="u">u</marcx:subfield>
                <marcx:subfield code="a">1972</marcx:subfield>
                <marcx:subfield code="l">dan</marcx:subfield>
                <marcx:subfield code="v">4</marcx:subfield>
            </marcx:datafield>
            <marcx:datafield ind1="0" ind2="0" tag="014">
                <marcx:subfield code="a">50378705</marcx:subfield>
            </marcx:datafield>
            <marcx:datafield ind1="0" ind2="0" tag="021">
                <marcx:subfield code="d">Kr. 6,10</marcx:subfield>
                <marcx:subfield code="n">1022</marcx:subfield>
            </marcx:datafield>
            <marcx:datafield ind1="0" ind2="0" tag="032">
                <marcx:subfield code="x">DIS197602</marcx:subfield>
            </marcx:datafield>
            <marcx:datafield ind1="0" ind2="0" tag="044">
                <marcx:subfield code="a">E</marcx:subfield>
                <marcx:subfield code="b">42c</marcx:subfield>
                <marcx:subfield code="b">42d</marcx:subfield>
            </marcx:datafield>
            <marcx:datafield ind1="0" ind2="0" tag="245">
                <marcx:subfield code="g">M2</marcx:subfield>
                <marcx:subfield code="a">Boring</marcx:subfield>
            </marcx:datafield>
            <marcx:datafield ind1="0" ind2="0" tag="300">
                <marcx:subfield code="a">16 sider</marcx:subfield>
            </marcx:datafield>
            <marcx:datafield ind1="0" ind2="0" tag="996">
                <marcx:subfield code="a">DBC</marcx:subfield>
            </marcx:datafield>
        </marcx:record>
    </marcx:collection>
    <ln:links
        xmlns:ln="http://oss.dbc.dk/ns/links">
        <ln:link>
            <ln:access>remote</ln:access>
            <ln:accessType/>
            <ln:linkTo>resolver</ln:linkTo>
            <ln:relationType>dbcaddi:hasOpenUrl</ln:relationType>
            <ln:url>REDACTED</ln:url>
            <ln:collectionIdentifier>870970-basis</ln:collectionIdentifier>
            <ln:collectionIdentifier>870970-danbib</ln:collectionIdentifier>
            <ln:collectionIdentifier>870970-bibdk</ln:collectionIdentifier>
        </ln:link>
    </ln:links>
    <adminData>
        <recordStatus>active</recordStatus>
        <creationDate>2016-07-09</creationDate>
        <libraryType>none</libraryType>
        <genre>nonfiktion</genre>
        <indexingAlias>danmarcxchange</indexingAlias>
        <accessType>physical</accessType>
        <workType>literature</workType>
        <collectionIdentifier>870970-basis</collectionIdentifier>
        <collectionIdentifier>870970-danbib</collectionIdentifier>
        <collectionIdentifier>870970-bibdk</collectionIdentifier>
    </adminData>
</ting:container>
